%bibliografias no formato bibtex

@Misc{barbosa_why_people_use_social_network,
  howpublished = {Disponível em: \url{http://super.abril.com.br/blogs/tendencias/por-que-as-pessoas-usam-as-redes-sociais/}},
  author = {Kleyson Barbosa},
  note = {Acesso em: 28 de dezembro de 2014},
  title = {\textbf{Por que as pessoas usam as redes sociais?}},
  year = {2011}
}

@article{rosenberg_iconix_process,
	title={\textbf{Agile Development with ICONIX Process: People, Process, and Pragmatism}},
	author={Doug Rosenberg and Matt Stephens and Mark Collins-Cope},
	coverage = {New York; Estados Unidos},
	year={2005}
}

@Misc{oracle_about_java_technology,
	howpublished = {Disponível em: \url{http://docs.oracle.com/javase/tutorial/getStarted/intro/definition.html}},
	author = {Oracle},
	note = {Acesso em: 28 de dezembro de 2014},
	title = {\textbf{About the Java Technology}},
	year = {2010}
}

@Misc{apache_about_tomcat,
	howpublished = {Disponível em: \url{http://tomcat.apache.org/index.html}},
	author = {Apache},
	note = {Acesso em: 15 de janeiro de 2015},
	title = {\textbf{Apache Tomcat}},
	year = {2015}
}

@Book{brittain_darwin_apache_tomcat_2nd_edition,
  title = {\textbf{Tomcat The Definitive Guide}},
  author = {Jason Brittain and Ian F. Darwin},
  year = {2007},
  edition = {2}
}

@Book{bruggen_learning_neo4j,
	title = {\textbf{Learning Neo4j}},
	author = {Rik Van Bruggen},
	year = {2014},
	publisher = {Packt}
}

@Book{bergsten_javaserver_faces,
	title = {\textbf{Javaserver Faces}},
	author = {Hans Bergsten},
	year = {2004}
}

@article{ross_borsoi_uso_primefaces,
	title={\textbf{Uso de Primefaces no desenvolvimento de aplicações ricas para web}},
	author={Cleverson Leocir Ross and Beatriz Terezinha Borsoi},
	coverage = {; Paraná},
	year={2012}
}

@Book{padua_metodologia_pesquisa,
	title = {\textbf{Metodologia da Pesquisa: Abordagem Teorico-Pratica}},
	author = {Elisabete Matallo Marchesini de Pádua},
	year = {2007},
	edition = {16},
	publisher = {Papirus}
}

@Book{cooper_schindler_metodos_pesquisa_administracao,
	title = {\textbf{Métodos de Pesquisa em Administração}},
	author = {Donald R. Cooper and Pamela S. Schindler},
	year = {2003},
	edition = {7},
	publisher = {Bookman},
	coverage = {Porto Alegre; RS}
}

@Book{rosenberg_scott_use_case_driven_object_modeling_with_uml,
	title = {\textbf{Use Case Driven Object Modeling With UML A Pratical Approach}},
	author = {Doug Rosenberg and Kendall Scott},
	year = {1999},
	edition = {1},
}

@Book{silva_videira_uml_metodologias_ferramentas_case,
	title = {\textbf{UML, Metodologias e Ferramentas Case}},
	author = {Alberto Silva and Carlos Videira},
	year = {2001},
	edition = {1},
}

@Book{rosenberg_stephens_use_case_driven_object_modeling_with_uml,
	title = {\textbf{Use Case Driven Object Modeling With UML Theory and Practice}},
	author = {Doug Rosenberg and Matt Stephens},
	year = {2007},
	edition = {1},
}

@Book{schildt_java_complete_reference,
	title = {\textbf{Java: The Complete Reference}},
	author = {Hebert Schildt},
	year = {2007},
	edition = {7},
}

@Book{tcc_univas_faria_aspectj_programacao_orientada_aspecto_java,
	author = {Miller Acassio de Faria},
	title =  {ASPECTJ: Programação orientada a aspecto em Java},
	year = 	 {2008},
	city = {Pouso Alegre}
}

@Book{tcc_univas_penha_carvalho_recomendacao_filmes,
	author = {Andre Luiz da Silva Penha and Wanderval Carvalho},
	title =  {Sistema de recomendação de filmes utilizando graph database},
	year = 	 {2013},
	city = {Pouso Alegre}
}

@Book{tcc_univas_silva_pires_comparacao_banco_dados,
	author = {Ana Carolina da Silva and João Paulo Pires},
	title =  {Banco de dados relacional versus banco de dados orientado a grafos aplicados a redes sociais},
	year = 	 {2013},
	city = {Pouso Alegre}
}

@Article{junid_tahir_majid_idros_potential_graph_thory_for_dna_sequence_alignment,
	author = {Syed Abdul Mutalib Al Junid and Nooritawati Md Tahir and Zulkifli Abd Majid and Mohd Faizul Md Idros},
	title =  {Potential of Graph Theory Algorithm Approach for DNA Sequence Alignment and Comparison},
	year = 	 {2012},
	city = {Shah Alam}	
}

@Book{bruggen_learning_neo4j,
	title = {\textbf{Learning Neo4j}},
	author = {Rik Van Bruggen},
	year = {2014},
	edition = {7},
	publisher = {Packt}
}

@Misc{paoletti_seven_bridges_konigsberg,
	howpublished = {\url{http://www.maa.org/publications/periodicals/convergence/leonard-eulers-solution-to-the-konigsberg-bridge-problem}},
	note = {Acesso em: 26 de fevereiro de 2015},
	title = {Leonard Euler's Solution to the Konigsberg Bridge Problem},
	author = {Teo Paoletti},
	year = {2006}
}

@Article{harju_graph_theory,
	author = {Tero Harju},
	title =  {Graph Theory},
	year = 	 {2014},
	city = {Turku},
	country = {Finlândia}
}

@Article{ruohonen_graph_theory,
	title = {\textbf{Graph Theory}},
	author = {Keijo Ruohonen},
	year = {2013}
}

@Article{rocha_algoritmos_particionamento_banco_dados_orientado_grafos,
	author = {Roberto Ribeiro Rocha},
	title =  {Algoritmos de Particionamento e Banco de Dados Orientado a Grafos},
	year = 	 {2013},
	city = {Itajubá},
	coverage = {Minas Gerais; Itajubá}
}

@Article{bondy_murty_graph_theory_with_applications,
	author = {J. A. Bondy and U. S. R. Murty},
	title =  {\textbf{Graph Theory with applications}},
	year = 	 {1976}
}

@Book{vukotic_goodwill_apache_tomcat_7,
	title = {Apache Tomcat 7},
	author = {Aleksa Vukotic and James Goodwill},
	year = {2011},
	publisher = {Apress}
}

@Book{laurie_laurie_apache_the_definitive_guide,
	title = {\textbf{Apache: The Definitive Guide}},
	author = {Ben Laurie and Peter Laurie},
	year = {2003},
	publisher = {RepKover}
}

@Book{basham_sierra_bates_use_cabeca_servlets_jsp,
	title = {\textbf{Use a Cabeça! Servlets e JSP}},
	author = {Bryan Bashman and Kathy Sierra and Bert Bates},
	year = {2010},
	publisher = {Alta Books}
}

@Book{faria_java_ee_7_jsf_primefaces_cdi,
	title = {\textbf{Java EE 7 com JSF, PrimeFaces e CDI}},
	author = {Thiago Faria},
	year = {2013}
}

@Misc{oracle_javaserver_faces_technology_overview,
	howpublished = {\url{http://www.oracle.com/technetwork/java/javaee/overview-140548.html}},
	note = {Acesso em: 15 de janeiro de 2015},
	title = {JavaServer Faces Technology Overview},
	author = {Oracle},
	year = {2015}
}

@Book{gamma_helm_johnson_vlissides_design_patterns_elements_reusable_object_oriented_software,
	title = {\textbf{Design Patterns: Elements of Reusable Object-Oriented Software}},
	author = {Erich Gamma and Richard Helm and Ralph Johnson and John Vlissides and [et. al.]},
	year = {2009}
}

@Misc{juneau_primefaces_enterprise,
	howpublished = {\url{http://www.oracle.com/technetwork/articles/java/java-primefaces-2191907.html}},
	note = {Acesso em: 15 de janeiro de 2015},
	title = {Primefaces in the Enterprise},
	author = {Josh Juneau},
	year = {2014}
}
 
@Article{sanches_fundamentos_armazenamento_manipulacao_dados,
	author = {Andre Rodrigo Sanches},
	title =  {Fundamentos de Armazenamento e Manipulação de Dados},
	year = 	 {2002}
}

@Book{setzer_silva_banco_dados_aprenda_o_que_sao_melhore_conhecimento,
	title = {\textbf{Banco de dados: Aprenda o que são, melhore seu conhecimento, construa os seus}},
	author = {Valdemar W. Setzer and Flávio Soares Corrêa da Silva},
	year = {2005},
	coverage = {São Paulo: SP},
	publisher = {Edgard Blucher}
}

@Book{date_introducao_sistemas_bancos_dados,
	title = {\textbf{Introdução a sistemas de bancos de dados}},
	author = {C. J. Date},
	year = {2003},
	edition ={8},
	coverage = {Rio de Janeiro: RJ},
	publisher = {Elsevier}
}

@Article{matthew_stones_beginning_databases_with_postgresql,
	author = {N. Matthew and R. Stones},
	title =  {Beginnig Databases with PostgreSQL - From novice to Professional},
	year = 	 {2005},
	city = {New York},
	edition = {2}
}

@Book{sadalage_fowler_nosql_distilled_brief_guide,
	title = {\textbf{NoSQL Distilled - A Brief Guide to the Emerging World of Polyglot Persistence}},
	author = {P. J Sadalage and M. Fowler},
	year = {2013}
	coverage = {New Jersey: EUA},
	publisher = {Pearson Education}
}

@Book{robinson_webber_eifrem_graph_databases,
	title = {\textbf{Graph Databases}},
	author = {Ian Robinson and Jim Webber and Emil Eifrem},
	year = {2013},
	coverage = {New Jersey: EUA},
	publisher = {O'Reilly}
}

@Book{neo4j_team_manual,
	title = {\textbf{The Neo4j Manual}},
	author = {Neo4j},
	year = {2013}
}

@Book{elmasri_navathe_sistemas_banco_dados,
	title = {\textbf{Sistemas de Banco de Dados}},
	author = {R. Elmasri and S. B. Navathe},
	edition = {1},
	year = {2005},
	coverage = {São Paulo: SP},
	publisher = {Pearson}
}

@Book{marconi_lakatos_metodologia_trabalho_cientifico,
	title = {\textbf{Metodologia do trabalho científico}},
	author = {M. A. Marconi and E. M. Lakatos},
	edition = {7},
	year = {2009},
	coverage = {São Paulo: SP},
	publisher = {Atlas}
}

@Book{silva_menezes_metodologia_pesquisa_elaboracao_dissertacao,
	title = {\textbf{Metodologia da Pesquisa e Elaboração de Dissertação}},
	author = {Edna Lúcia da Silva and Estera Muszkat Menezes},
	edition = {4},
	year = {2005},
	coverage = {Florianópolis: SC},
	publisher = {UFSC}
}

@Misc{robert_keller_acylic_graph,
	howpublished = {\url{http://www.cs.hmc.edu/~keller/courses/cs60/s98/examples/acyclic/}},
	note = {Acesso em: 20 de abril de 2015},
	title = {Acylic Graph},
	author = {Robert M. Keller},
	year = {2015}
}


@Misc{o_engenheiro_software_as_fases_iconix_mecva,
	howpublished = {\url{http://oengenheirodesoftware.blogspot.com.br/2010/11/quantas-fases-tem-o-iconix.html}},
	note = {Acesso em: 22 de julho de 2015},
	title = {Quantas fases tem o ICONIX?},
	author = {Márcio Emílio Cruz Vono de Azevedo},
	year = {2010}
}

@Misc{polymorphism_oracle,
	howpublished = {\url{https://docs.oracle.com/javase/tutorial/java/IandI/polymorphism.html}},
	note = {Acesso em: 22 de julho de 2015},
	title = {Polymorphism},
	author = {Oracle},
	year = {2015}
}

@Article{grafos_teoria_modelos_algoritimo_neto,
	author = {P. O. B. Neto},
	title =  {Grafos: teoria, modelos, algoritmo},
	publisher = {Blucher},
	coverage = {São Paulo: SP},
	year = 	 {1996}
}

@Misc{ibm_web_service,
  howpublished = {\url{http://www.ibm.com/developerworks/library/ws-restful/}},
  note = {Acesso em: 23 de julho de 2015},
  title = {RESTful Web services: The basics},
  author = {Alex Rodriguez},
  year = {2008}
}

@Misc{oracle_web_service,
	howpublished = {\url{https://docs.oracle.com/javaee/6/tutorial/doc/gijqy.html}},
	note = {Acesso em: 23 de julho de 2015},
	title = {What are RESTful Web Services?},
	author = {Oracle},
	year = {2015}
}

@Misc{msdn_web_service,
	howpublished = {\url{https://msdn.microsoft.com/pt-br/library/Cc564893.aspx}},
	note = {Acesso em: 23 de julho de 2015},
	title = {Web Services},
	author = {Renato Haddad},
	year = {2015}
}

@Article{javascript_diego_leonard,
	author = {Diego R. Frank and Leonardo Seibt},
	title =  {Javascript},
	coverage = {Taquara: RS},
	year = 	 {2002}
}

@Book{marzulo_soa_na_pratica,
	title = {\textbf{SOA na prática: inovando seu negócio por meio de soluções orientadas a serviços}},
	author = {Fabio Perez Marzullo},
	year = {2013},
	coverage = {New Jersey: US},
	publisher = {ServiceTech Press}
}

@Book{erl_soa_with_rest,
	title = {\textbf{SOA with REST: principles, patterns \& constraints for building enterprise solutions with REST}},
	author = {Thomas Erl and Benjamin Carlyle and Cesare Pautasso and Raj Balasubramanian},
	year = {2012},
	publisher = {Novatec}
}

@Misc{w3c_html_fundamentals,
	howpublished = {\url{https://docs.webplatform.org/wiki/guides/the_basics_of_html}},
	note = {Acesso em: 24 de julho de 2015},
	title = {The Basics of HTML},
	author = {W3C},
	year = {2015}
}

@Book{silva_html5,
	title = {\textbf{HTML 5}},
	author = {Maurício Samy Silva},
	year = {2011},
	coverage = {São Paulo; SP}
	publisher = {Novatec}
}

@Misc{w3c_css_definition,
	howpublished = {\url{http://www.w3.org/Style/CSS/}},
	note = {Acesso em: 24 de julho de 2015},
	title = {What is CSS?},
	author = {W3C},
	year = {2015}
}

@Book{silva_css_3,
	title = {\textbf{CSS 3: desenvolva aplicações web profissionais com o uso dos poderosos recursos de estilização das CSS 3}},
	author = {Maurício Samy Silva},
	year = {2011},
	coverage = {São Paulo; SP},
	publisher = {Novatec}
}

@Book{pires_birra_css,
	title = {\textbf{CSS 3}},
	author = {João Moura Pires and Fernando Birra},
	year = {2012},
	coverage = {Lisboa; PT}
}

@Book{flanagan_javascript_definitive_guide,
	title = {\textbf{Javascript: The Definitive Guide}},
	author = {David Flanagan},
	edition = {6},
	year = {2011},
	publisher = {O' Reilly}
}

@Book{green_seshadri_angularjs,
	title = {\textbf{Javascript: The Definitive Guide}},
	author = {Brad Green and Shyam Seshadri},
	year = {2013},
	publisher = {O' Reilly}
}

@Book{kozlowski_darwin_mastering_web_application_angular_js,
	title = {\textbf{Mastering Web Application Development with AngularJS}},
	author = {Pawel Kozlowski and Peter Bacon Darwin},
	year = {2013},
	publisher = {Packt Publishing}
}

@Book{gil_metodos_e_tecnicas_de_pesquisa,
	title = {\textbf{Métodos e técnicas de pesquisa social}},
	author = {A. C. Gil},
	year = {1999},
	publisher = {Atlas}, 
	coverage = {São Paulo, SP},
	edition = {5}
}

@Book{fonseca_metodologia_da_pesquisa,
	title = {\textbf{Metodologia da pesquisa Científica}},
	author = {J. J. S. Fonseca},
	year = {2002},
	publisher = {UEC}, 
	coverage = {Fortaleza, CE}
}

@Book{gil_como_elaborar_projeto_de_pesquisa,
	title = {\textbf{Como elaborar projetos de pesquisa}},
	author = {A. C. Gil},
	year = {2007},
	publisher = {Atlas}, 
	coverage = {São Paulo, SP},
	edition = {4}
}
